=LDR  01281ngm#a2200277#i#450#
=001  UMLRM0003
=071  41$aDVD103$bRDM vidéo
=073  \0$a3125127221033
=100  \\$a20220924d2012####x##y0frey50######ba
=102  \\$aFR
=115  \\$ac###aaizxuxz###bkxxc
=181  \0$601$ab$bxa2ea#
=181  \\$602$ctdi$2rdacontent
=182  \0$601$ag
=182  \\$602$cv$2rdamedia
=200  1\$aNosferatu$fRéalisation Friedrich W. Murnau$gd’après le roman "Dracula" de Bram Stoker$gscénario et adaptation Henrik Galeen$gavec Max Schreck, Greta Schroeder, Gustav von Wangenheim... [et autres]
=214  \0$a[Sannois]$cRDM vidéo$d[DL 2012]
=214  \2$a[Sannois]$cRDM vidéo
=214  \4$d2011
=215  \\$a1 DVD vidéo$cmonoface simple couche, 4/3, 24 im./s, PAL, toutes zones
=225  2\$aLes trésors du cinéma
=327  2\$aContient aussi : Biographie et filmographie du réalisateur. Fiche technique
=410  \0$0FRBNF42648324$tLes Trésors du cinéma$x2259-4388$d2012
=451  \1$0UMLRM0176$tLes grands classiques du cinéma allemand$c[Sannois]$nRDM vidéo$d[DL 2013]$p7 DVD vidéo
=507  1\$3ULRM0002$7ba0yba0y$8freger$aNosferatu, eine Symphonie des Grauens$cfilm$lVersion restaurée$w60mn$o1995$mFrançais
=801  \0$aFR$bFR-751131015$c20220924$gRDA-FR$hFRBNF42632683000000X

