=LDR  00691cam#a2200193#i#450#
=001  UMLRM0006
=005  20220908######.D
=010  \\$a 0-330-32856-5$bBroché$d4,99 £
=100  \\$a20220908d1992####x##y0frey50######ba
=102  \\$aGB
=181  \\$ai#$baxxe##
=182  \\$an
=183  \\$anga$2RDAfrCarrier
=200  1\$aDracula$fBram Stoker
=214  \0$a London$aSidney$aAuckland$cPan books$d1992
=214  \3$a27-Mesnil-sur-l'Estrée$c Imprimerie Firmin-Didot
=215  \\$a1 volume (382 pages)$ccouverture illustrée en couleur$d18 cm
=577  11$3UMLRM0005$7ba0yba0y$8freeng$aStoker, Bram (1847-1912)$tDracula$mAnglais$nTexte noté
=801  \0$aFR$bFR-751131015$c20220908$gRDA-FR$hFRBNF358371710000004

