=LDR  01925ngm#a2200349#i#450#
=001  UMLRM0009
=071  41$aFG 317 101$bGaumont vidéo
=073  \0$a3607483171011
=100  \\$a20100921d2010####x##y0frey50######ba
=102  \\$aFR
=115  \\$ac###bai########bl##c
=181  \\$601$ab$bxa2ae#
=181  \\$602$ctdi$2rda-frcontent
=182  \\$601$ag
=182  \\$602$cv$2rda-frmedia
=183  \\$602$avcc$2rda-frcarrier
=200  1\$a Nosferatu, fantôme de la nuit$f un film de Werner Herzog$g [musique de Popol Vuh, Florian Fricke]$g Isabelle Adjani, Klaus Kinski, [Bruno Ganz... et autres, acteurs]
=214  \0$a[Neuilly-sur-Seine]$c Gaumont vidéo$d[DL 2010]
=214  \2$a[Neuilly-sur-Seine]$c Gaumont vidéo
=215  \\$a1 BD vidéo
=304  \\$a Notice rédigée d'après la jaquette
=327  2\$a Contient aussi : "Voyage au pays de l'indicible" de Dominique Maillet (37 min) avec les témoignages de Dominique Colladant, Harald Maury, Anne Demoulin, Serge Moati et Freddy Buache. "Klaus Kinski, la métamorphose" (20 min) par Dominique Colladant et Reiko Kruk. "Histoire de vampire(s)" (11 min) par Gérard Lenne. Bande-annonce
=371  1\$aInterdit à la location
=507  1\$3UMLRM0008$7ba0yba0y$8freger$aNosferatu, Phantom der Nacht$cfilm$mfrançais
=506  0\$aVoyage au pays de l'indicible$cfilm
=506  0\$aKlaus Kinski, la métamorphose$cfilm
=506  0\$aHistoire de vampire(s)$cfilm
=702  \1$3FRBNF11913982X$7ba0yba0y$8frefre$oISNI 0000 0001 0775 791X$aMaillet$bDominique$f19..-....$ccinéaste$4300
=702  \1$3FRBNF146740087$7ba0yba0y$8frefre$oISNI 0000 0000 0319 4585$aColladant$bDominique$4300
=702  \1$3FRBNF146862326$7ba0yba0y$8frefre$oISNI 0000 0005 0335 5701$aKruk-Nishioka$bReiko$f1935-....$4300
=702  \1$3FRBNF119124422$7ba0yba0y$8frefre$oISNI 0000 0001 1032 0540$aLenne$bGérard$f1946-....$4300
=801  \0$aFR$b751043001$c20220726$gRDA-FR$hFRBNF42274830000000X 

