=LDR  00767cam#a2200205#i#450#
=001  UMLRM0012
=005  20220927######.D
=010  \\$a978-2-35030-689-6$bBroché$d19 EUR
=100  \\$a20210120d2021####x##y0frey50######ba
=102  \\$aFR
=181  \\$ai#$baxxe##
=182  \\$an
=183  \\$anga$2RDAfrCarrier
=200  1\$a"Nosferatu le vampire"$fPaola Palma, Dimitri Vezyroglou
=214  \0$aNeuilly$cAtlande$dDL 2021
=215  \\$a1 volume (221 pages)$d18 cm
=225  2\$aClefs concours$iCinéma
=410  \0$0FRBNF37721351$tClefs concours. Cinéma$x1629-517X
=577  11$3UMLRM0011$7ba0yba0y$8frefre$aPalma, Paola (1971-….)$aVezyroglou, Dimitri (1970-….)$t"Nosferatu le vampire"$mFrançais$nTexte noté
=801  \0$aFR$bFR-751052119$c20220927$gRDA-FR$hFRBNF466881440000007

