=LDR  00825cam#a2200193#i#450#
=001  UMLRM0015
=005  20220712######.D
=010  \\$bBroché
=100  \\$a20060703d2005####x##y0frey50######ba
=102  \\$aFR
=181  \\$ai#$baxxe##$ab$bxb2e##
=182  \\$an
=183  \\$anga$2RDAfrCarrier
=200  1\$aJean-Claude Gallotta, Nosferatu, ballet de l'Opéra$e[chorégraphie de Jean-Claude Gallotta, musiques de Pascal Dusapin]$e[programme, 6 mai 2006, Opéra national de Paris, Opéra Bastille]$f Opéra national de Paris
=214  \0$aParis$cOpéra national de Paris
=214  \4$dC 2005
=215  \\$a1 volume (54 pages)$d24 cm
=577  11$3 UMLRM0015$7ba0yba0y$8frefre$aJean-Claude Gallotta, Nosferatu, ballet de l'Opéra$cprogramme$d2006-05$nTexte noté. Image fixe
=801  \0$aFR$bFR-751052119$c20220922$gRDA-FR$hFRBNF401910900000001

