=LDR  00539nam#a2200169#i#450#
=001  UMLRM0018
=100  \\$a20221030d1912####x##y0frey50######ba
=102  \\$aGB
=181  \\$ai#$baxxe##
=182  \\$an
=183  \\$anga$2RDAfrCarrier
=200  1\$aDracula$fby Bram Stoker
=205  \\$a9th edition
=214  \0$aLondon$cW. Rider and son$d1992
=215  \\$a1 volume (VIII-404 pages)$din-12
=577  11$3UMLRM0005$7ba0yba0y$8freeng$aStoker, Bram (1847-1912)$tDracula$mAnglais$nTexte noté
=801  \0$aFR$bFR-751131015$c20220908$gRDA-FR$h FRBNF314099010000003 

