=LDR  01000cam#a2200253#i#450#
=001  UMLRM0021
=005  202207211917SS.D
=010  \\$a2-290-34949-6$bBroché$d5,30 EUR
=100  \\$a20220721d2005####x##y0frey50######ba
=102  \\$aFR
=181  \\$ai#$baxxe##
=182  \\$an
=183  \\$anga$2RDAfrCarrier
=200  1\$a Dracula$f Bram Stoker$g traduit de l'anglais par Lucienne Molitor
=214  \0$a Paris$cJ'ai lu
=214  \3$a72-La Flèche$cmprimerie Brodard et Taupin$d2005
=215  \\$a1 volume (574 pages)$ccouverture illustrée en couleur$d 18 cm
=225  2\$aJ'ai lu$iFantastique
=320  \\$aBibliographie, filmographie (3 pages)
=308  \\$aNuméro dans la collection principale : 3402
=410  \0$0FRBNF38839512$t J'ai lu. Fantastique$x1633-9541$d2005
=410  \0$0FRBNF34229028$tJ'ai lu$x0291-3623$v3402
=577  11$3UMLRM0020$7ba0yba0y$8freeng$aStoker, Bram (1847-1912)$tDracula$mFrançais$wMolitor$nTexte noté
=801  \0$aFR$bFR-751043001$c20220721$gRDA-FR$hFRBNF400252900000002

