=LDR  00884cam#a2200229#i#450#
=001  UMLRM0024
=005  20220905######.D
=010  \\$d5,85 F.
=021  \\$aFR$bD. L. 16463-63
=100  \\$a20220826d1963####x##y0frey50######ba
=102  \\$aBE
=181  \\$ai#$baxxe##
=182  \\$an
=183  \\$anga$2RDAfrCarrier
=200  1\$aDracula$fBram Stoker$gtraduit de l'anglais par Lucienne Molitor$gintroduction de Tony Faivre
=214  \0$aVerviers$cGérard et Cie$d1963
=215  \\$a1 volume (569 pages)$ccouverture illustrée en couleur$d18 cm
=225  2\$aMarabout Géant$x2033-8708$v182
=410  \0$0FRBNF42257336$tMarabout géant$x2033-8708$v182
=702  \1$3FRBNF11447253$7ba0yba0y$8frefre$aFaivre$bTony$4080
=577  11$3UMLRM0020$7ba0yba0y$8freeng$aStoker, Bram (1847-1912)$tDracula$mFrançais$wMolitor$nTexte noté
=801  \0$aFR$bFR-751052119$c20220905$gRDA-FR$hFRBNF33183738000000X

