=LDR  01067cam#a2200241#i#450#
=001  UMLRM0027
=005  20220905######.D
=010  \\$a 2-277-23402-8$bBroché$d38 F
=100  \\$a20220826d1992####xy0frey50######ba
=181  \\$ai#$baxxe##
=182  \\$an
=183  \\$anga$2RDAfrCarrier
=200  1\$aDracula$fBram Stoker$gtraduit de l'anglais par Lucienne Molitor$g[notice biographique par Barbara Sadoul]
=214  \0$aParis$cÉd. J'ai lu$d1992
=214  \3$a72-La Flèche$cmprimerie Brodard et Taupin
=215  \\$a1 volume (XXIV-505 pages)$cillustrations, couverture illustrée$d18 cm
=225  2\$aJ'ai lu$iEpouvante 
=308  \\$aNuméro dans la collection principale : 3402
=410  \0$0FRBNF34243801$tJ'ai lu$iEpouvante$x0764-860X$d1992
=410  \0$0FRBNF34229028$tJ'ai lu$x0291-3623$v3402
=702  \1$3FRBNF12938552$7ba0yba0y$8fre###$oISNI 0000 0001 1631 511X$aSadoul$bBarbara$4340
=577  11$3UMLRM0020$7ba0yba0y$8freeng$a Stoker, Bram (1847-1912)$tDracula$mFrançais$wMolitor$nTexte noté
=801  \0$aFR$bFR-751052119$c20220905$gRDA-FR$h FRBNF355462090000004

