=LDR  01120cam#a2200253#i#450#
=001  UMLRM0030
=005  20220701######.D
=010  \\$a2-01-013452-4$bBroché$d30,50 FRF
=100  \\$a19890210d1988####x##y0frey50######ba
=102  \\$aFR
=181  \\$ai#$baxxe##
=182  \\$an
=183  \\$anga$2RDAfrCarrier
=200  1\$aDracula$eroman$fBram Stoker$gtraduit de l’anglais par Lucienne Molitor$gdossier établi par Jean-Claude Lullien
=214  \0$aParis$cHachette$d1988
=214  \3$a72-La Flèche$cImprimerie Brodard et Taupin
=215  \\$a1 volume (534 pages)$ccouverture illustrée en couleur$d18 cm
=225  2\$aBibliothèque verte$iPlus$x0990-4395
=308  \\$aNuméro dans la collection principale : 1006
=410  \0$0FRBNF34248604$tBibliothèque verte$iPlus$x0990-4395
=410  \0$0FRBNF34234553$tBibliothèque verte$x0768-0864$v1006
=702  \1$3FRBNF12111051$7ba0yba0y$8frefre$oISNI 0000 0000 0007 6233$aLullien$bJean-Claude$4212
=577  11$3UMLRM0020$7ba0yba0y$8freeng$aStoker, Bram (1847-1912)$tDracula$mFrançais$wMolitor$nTexte noté
=801  \0$aFR$bFR-751131015$c20220701$gRDA-FR$hFRBNF349969370000004

