=LDR  00969cam#a2200229#i#450#
=001  UMLRM0033
=005  20221024######.D
=010  \\$a978-2-210-74066-2$bBroché$d3,95 EUR
=073  \0$a9782210740662
=100  \\$a20140716d2014####x##y0frey50######ba
=102  \\$aFR
=181  \\$ai#$baxxe##
=182  \\$an
=183  \\$anga$2RDAfrCarrier
=200  1\$aDracula$e[extraits choisis]$fBram Stoker$gtraduction de Lucienne Molitor$gchoix des extraits et appareil pédagogique établi par Nadia Bruneel-Ziane,...$glexique établi par Michèle Sendre
=214  \0$a[Paris]$cMagnard
=214  \3$aItalie$d2014
=215  \\$a1 volume (217 pages)$ccouverture illustrée$d18 cm
=225  2\$aClassiques & patrimoine$v56
=410  \0$0FRBNF42475882$tClassiques & patrimoine$x2117-606X$v56
=577  11$3UMLRM0032$7ba0yba0y$8freeng$aStoker, Bram (1847-1912)$tDracula$cChoix$kBruneel-Ziane$mFrançais$wMolitor$nTexte noté
=801  \0$aFR$b FR-751131010$c20061201$gRDA-FR$hFRBNF438628000000006

