=LDR  00927nam#a2200205#i#450#
=001  UMLRM0036
=010  \\$a2-7098-0973-7$bRelié$d69 F
=100  \\$a20221031d1998####x##y0frey50######ba
=102  \\$aFR
=181  \\$ai#$baxxe##$ab#$bxb2e##
=182  \\$an
=183  \\$anga$2RDAfrCarrier
=200  1\$aDracula$e[version abrégée]$fd'après Bram Stoker$gillustré par Tudor Humphries$g[traduit par Michèle Jouve]
=214  \0$aParis$aBruxelles$aMontréal [etc.]$cSélection du "Reader's digest"$d1998
=214  \3$aChine
=215  \\$a1 volume (64 pages)$ccouverture illustrée en couleur$d27 cm
=225  0\$aLa bibliothèque des classiques$edès 7 ans
=410  \0$0FRBNF36591387$tLa bibliothèque des classiques (Sélection du "Reader's digest")$d1998
=577  11$3UMLRM0035$7ba0yba0y$8freeng$aHumphries, Tudor (1953-….)$tDracula$mFrançais$nTexte noté. Image fixe
=801  \0$aFR$bFR-751052119$c20221031$gRDA-FR$hFRBNF367131730000002

