=LDR  01089cam#a2200241#i#450#
=001  UMLRM0039
=005  20221005######.D
=010  \\$a2-08-072306-5$bBroché$d4 EUR
=100  \\$a20061201d2006####x##y0frey50######ba
=102  \\$aFR
=181  \\$ai#$baxxe##
=182  \\$an
=183  \\$anga$2RDAfrCarrier
=200  1\$aDracula$e[extraits]$fBram Stoker$gtraduction par Jacques Finné$gprésentation, notes, choix des extraits et dossier par Anne Cassou-Noguès et Marie-Aude de Langenhagen,...
=205  \\$aÉdition revue
=214  \0$a[Paris]$cFlammarion
=214  \3$aManchecourt (Loiret, France)$cImprimerie Maury-Eurolivres$d2006
=215  \\$a1 volume (222 pages)$ccouverture illustrée$d18 cm
=225  0\$aÉtonnants classiques$x269-8822$v188
=410  \0$0FRBNF34288999$tÉtonnants classiques (Paris)$x1269-8822$v188
=410  \0$0FRBNF34234516$tG.F.$x0768-0465$d2006
=577  11$3UMLRM0038$7ba0yba0y$8freeng$aStoker, Bram (1847-1912)$tDracula$cChoix$kCassou-Noguès ; Langenhagen$mFrançais$wFinné$nTexte noté$o2006
=801  \0$aFR$b FR-751131010$c20061201$gRDA-FR$hFRBNF409497600000000

