=LDR  00940nam#a2200241#i#450#
=001  UMLRM0042
=010  \\$a978-2-290-05740-7$bBroché$d4,70 EUR
=073  \0$a9782290057407
=100  \\$a20220809d2012####x##y0frey50######ba
=102  \\$aFR
=181  \\$ai#$baxxe##
=182  \\$an
=183  \\$anga$2RDAfrCarrier
=200  1\$a Dracula$etraduction intégrale$fBram Stoker$gtraduit de l'anglais par Jacques Sirgent
=214  \0$a Paris$cJ'ai lu
=214  \3$aSlovaquie$d2012
=215  \\$a1 volume (679 pages)$ccouverture illustrée en couleur$d 18 cm
=225  2\$aJ'ai lu$iFantastique
=308  \\$aNuméro dans la collection principale : 10070
=410  \0$0FRBNF38839512$t J'ai lu. Fantastique$x1633-9541$d2012
=410  \0$0FRBNF34229028$tJ'ai lu$x0291-3623$v10070
=577  11$3UMLRM0041$7ba0yba0y$8freeng$aStoker, Bram (1847-1912)$tDracula$mFrançais$wSirgent$nTexte noté
=801  \0$aFR$bFR-341725402$c20220809$gRDA-FR$hFRBNF42766364000000X

