=LDR  00890cam#a2200241#i#450#
=001  UMLRM0045
=005  20220919######.D\
=010  ##978-2-35779-055-1$bBroché$d36€
=073  \0$a9782357790551
=100  \\$a20220919d2010####x##y0frey50######ba
=102  \\$aFR
=181  \\$ai#$baxxe##
=182  \\$an
=183  \\$anga$2RDAfrCarrier
=200  \1$aDracula$fBram Stoker$gtraduit de l'anglais pas Jacques Sirgent
=205  \\$aNouvelle traduction
=214  \0$aRosières-en-Haye$cLe camion blanc 
=214  \3$a91-Les Ulis$cImprimerie Acort Europe$d2010
=215  \\$a1 volume (741 pages)$ccouverture illustrée en couleur$d21 cm 
=225  2\$aCamion noir$vCN42
=410  \0$0FRBNF40115758$t Camion noir$x1950-0270$v42
=577  11$3UMLRM0041$7ba0yba0y$8freeng$aStoker, Bram (1847-1912)$tDracula$mFrançais$wSirgent$nTexte noté
=801  \0$aFR$bFR-751131015$c20220919$gRDA-FR$hFRBNF421875830000001

