=LDR  01072cam#a2200241#i#450#
=001  UMLRM0048
=005  20221005######.D
=010  \\$a978-2-08-140438-0$bBroché$d4 EUR
=100  \\$a20170208d2017####x##y0frey50######ba
=102  \\$aFR
=181  \\$ai#$baxxe##
=182  \\$an
=183  \\$anga$2RDAfrCarrier
=200  1\$aDracula$fBram Stoker$gtraduction de Jacques Finné$gprésentation, notes, choix des extraits, cahier photos et dossier par Anne Cassou-Noguès et Marie-Aude de Langenhagen,...
=205  \\$aÉdition revue
=214  \0$a[Paris]$cFlammarion$dDL 2017
=214  \3$Imprimé en Espagne
=215  \\$a1 volume (222 pages - [4] pages)$ccouverture illustrée$d18 cm
=225  0\$aÉtonnants classiques$x269-8822$v188
=410  \0$0FRBNF34288999$tÉtonnants classiques (Paris)$x1269-8822$d2017
=410  \0$0FRBNF34234516$tG.F.$x0768-0465$d2017
=577  11$3UMLRM0047$7ba0yba0y$8freeng$aStoker, Bram (1847-1912)$tDracula$cChoix$kCassou-Noguès ; Langenhagen$mFrançais$wFinné$nTexte noté$o2017
=801  \0$aFR$b FR-751131010$c20061201$gRDA-FR$hFRBNF452075420000008

