=LDR  00665cam#a2200181#i#450#
=001  UMLRM0051
=005  20220930######.D
=010  \\$a978-2-36394-134-3$bRelié$d11,90 EUR
=100  \\$a20220930d2013####x##y0frey50######ba 
=181  \\$ai#$baxxe##
=182  \\$an
=183  \\$anga$2RDAfrCarrier
=200  1\$aDracula$fBram Stoker$gtraduit de l'anglais par Jacques Finné
=214  \0$a[Paris]$cPointdeux$dDL 2013
=214  \3$aPays-Bas
=215  \\$a1 volume (919 pages)$ccouverture illustrée$d9 x 12 cm
=577  11$3UMLRM0050$7ba0yba0y$8freeng$aStoker, Bram (1847-1912)$tDracula$mFrançais$wFinné$nTexte noté
=801  \0$aFR$bFR-751052119$c20220930$gRDA-FR$hFRBNF435396370000008

