=LDR  00773nam#a2200205#i#450#
=001  UMLRM0054
=010  \\$a978-2-01-181029-8$bBroché$d4,95 EUR
=073  \0$a9782011810298
=100  \\$a20160112d2015####x##y0frey50######ba
=102  \\$aFR
=181  \\$ai#$baxxe##
=182  \\$an
=183  \\$anga$2RDAfrCarrier
=200  1\$aDracula$fBram Stoker$gtraduit de l'anglais par Josette Chicheportiche
=205  \\$aTexte abrégé
=214  \0$aVanves$cle Livre de poche jeunesse$dDL 2015
=214  \3$aEspagne
=215  \\$a 1 volume (321 pages)$ccouverture illustrée en couleur$d18 cm
=577  11$3UMLRM0053$7ba0yba0y$8 freeng$aStoker, Bram (1847-1912)$tDracula$lVersion abrégée$wChichportiche$mFrançais$nTexte noté
=801  \0$aFR$bFR-751131015$c20160112$gRDA-FR$hFRBNF44486284000000X

