=LDR  00974cam#a2200217#i#450#
=001  UMLRM0057
=005  20221007######.D
=100  \\$a20221003d1920####x##y0frey50######ba
=102  \\$aFR
=181  \\$ai#$baxxe##
=182  \\$an
=183  \\$anga$2RDAfrCarrier
=200  1\$aDracula$el’homme de la nuit$fBrahm Stoker$gtraduit de l'anglais par Ève et Lucie Paul-Margueritte
=214  \0$aParis$cl’Édition française illustrée$d1920
=215  \\$a1 volume (263 pages)$ccouverture illustrée$din-16
=225  1\$aCollection littéraire des romans étrangers
=304  \\$aCoquille dans le prénom de l’auteur. Orthographe correcte : Bram Stoker 
=307  \\$aCouverture illustrée par Pierre Falké
=702  \1$3FRBNF12363015$7ba0yba0y$8frefre$oISNI 0000 0001 2280 4104$aFalké$bPierre$4440
=577  11$3UMLRM0056$7ba0yba0y$8freeng$aStoker, Bram (1847-1912)$tDracula$mFrançais$wPaul-Margueritte$nTexte noté
=801  \0$aFR$bFR-751052119$c20221003$gRDA-FR$hFRBNF314099020000000

