=LDR  01067cam#a2200205#i#450#
=001  UMLRM0060\
=005  20221007######.D
=100  \\$a20221003d1932####x##y0frey50######ba 
=102  \\$aFR 
=181  \\$ai#$baxxe##$ab#$bxb2e## 
=182  \\$an 
=183  \\$anga$2RDAfrCarrier 
=200  1\$aDracula$el’homme de la nuit$e roman traduit par Ève et Lucie Paul-Margueritte et illustré de nombreuses photographies du film "Dracula"$fBrahm Stoker
=214  \0$aParis$cÉditions J. Tallandier$d1932
=215  \\$a1 volume (96 pages – planches non numérotées)$ccouverture illustrée en couleur$d24 cm
=225  1\$aCinéma-Bibliothèque$vN° 52
=304  \\$aCoquille dans le prénom de l’auteur. Orthographe correcte : Bram Stoker 
=577  11$3UMLRM0059$7ba0yba0y$8freeng$aStoker, Bram (1847-1912)$tDracula$mFrançais$wPaul-Margueritte$lVersion abrégée$nTexte noté 
=577  11$3UMLRM0153$7ba0yba0y$8frefre$a[Photographies extraites du film « Dracula » de Tod Browning]$kTallandier$d1932$nImage fixe
=801  \0$aFR$bFR-751052119$c20221007$gRDA-FR$hFRBNF314099030000008

