=LDR  00725nam#a2200181#i#450#
=001  UMLRM0063
=100  \\$a20221003d1946####x##y0frey50######ba
=102  \\$aFR
=181  \\$ai#$baxxe##
=182  \\$an
=183  \\$anga$2RDAfrCarrier
=200  1\$aDracula$fBram Stoker$gtraduit de l’anglais par Ève et Lucie Paul-Margueritte
=214  \0$aParis$cles Éditions des Quatre-vents$d1946
=215  \\$a1 volume (344 pages)$ccouverture illustrée$dln-16
=225  2\$aLes maîtres du fantastique
=410  \0$3FRBNF41154469$tLes Maîtres du Fantastique$d1946
=577  11$3UMLRM0056$7ba0yba0y$8freeng$aStoker, Bram (1847-1912)$tDracula$mFrançais$wPaul-Margueritte$nTexte noté
=801  \0$aFR$bFR-751052119$c20221003$gRDA-FR$hFRBNF314099040000005

