=LDR  00653cam#a2200193#i#450#
=001  UMLRM0066
=005  20220929######.D
=010  \\$a979-10-208-0506-5$bBroché$d6 EUR
=100  \\$a20170922d2017####x##y0frey50######ba
=102  \\$aFR
=181  \\$ai$baxxe##
=182  \\$an
=183  \\$anga$2RDAfrCarrier
=200  1\$aDrácula$fBram Stoker
=214  \0$aRungis$cMaxtor$dDL 2017
=215  \\$a1 volume (540 pages)$ccouverture illustrée en couleur$d18 cm
=225  1\$aClásicos Universales Maxtor
=577  11$3UMLRM0065$7ba0yba0y$8freeng$aStoker, Bram (1847-1912)$tDracula$mEspagnol$nTexte noté
=801  \0$aFR$bFR-751131015$c20220929$gRDA-FR$tFRBNF453541920000005

