=LDR  01821nam#a2200229#i#450#
=001  UMLRM0069
=010  \\$a978-2-211-30470-2‎$bBroché‎$d5,50 EUR
=100  \\$a20220819d2015####x##y0frey50######ba
=102  \\$aFR
=181  \\$ai#$baxxe##
=182  \\$an
=183  \\$anga$2RDAfrCarrier
=200  1\‎$aDracula‎$fBram Stoker‎$gtraduit de l'anglais par Lucienne Molitor‎$gabrégé par Boris Moissard
=214  \0‎$aParis‎$cl'École des loisirs‎$dDL 2019
=214  \3‎$a27-Mesnil-sur-l'Estrée‎$cImprimerie CPI Firmin-Didot
=215  \\‎$a1 volume (232 pages)‎$ccouverture illustrée$d19 cm
=225  0\‎$aClassiques$etexte abrégé
=305  \\‎$aAutre tirage : 2020
=330  \\‎$aJonathan Harker, jeune clerc de notaire britannique, est envoyé par son étude dans un sinistre château de Transylvanie afin d'y négocier avec un certain comte Dracula l'achat d'une propriété en Angleterre. Il ne tarde pas à découvrir l'effroyable secret de son hôte : cette créature est un mort-vivant, un vampire qui repose dans un cercueil dont il sort la nuit pour étancher sa soif de sang - et le jeune homme est son prisonnier. Le comte Dracula part pour l'Angleterre où il choisit pour première victime Lucy, amie de la fiancée de Jonathan, avant de s'attaquer à la fiancée elle-même... Un roman gothique au procédé narratif novateur : lettres, extraits du journal de Jonathan, articles de presse, et même transcription d'enregistrements phonographiques ! La chasse au vampire est ouverte....‎$2éditeur
=410  \0‎$045544536$tClassiques (École des loisirs)$x2610-2099$d2019
=577  11$3UMLRM0068$7ba0yba0y$8freeng$aStoker, Bram (1847-1912)$tDracula$mFrançais$wMolitor$lVersion abrégée$wMoissard$nTexte noté
=801  \0$aFR$bFR-751131015$c20220819$gRDA-FR$hFRBNF45795045000000X

