=LDR  00659nam#a2200169#i#450#
=001  UMLRM0072
=010  \\$a0-297-81331-5$bRelié
=100  \\$a20050407d1996####x##y0frey50######ba
=102  \\$aGB
=181  \\$ai#$baxxe##
=182  \\$an
=183  \\$anga$2RDAfrCarrier
=200  1\$aBram Stoker$ea biography of the author of ""Dracula""$fBarbara Belford
=214  \0$aLondon$cWeidenfeld and Nicolson$d1996
=215  \\$a1 volume(XV-381 pages)$c couverture illustrée$d25 cm
=577  11$3UMLRM0071$7ba0yba0y$8freeng$aBelford, Barbara$tBram Stoker : a biography of the author of "Dracula"$mAnglais$nTexte noté
=801  \0$aFR$bFR-751131015$c20220808$gRDA-FR$hFRBNF399495960000008

