=LDR  01272cam#a2200277#i#450#
=001  UMLRM0077
=005  20221004######.D
=010  \\$a978-2-266-21954-9$bBroché$d4,70 EUR
=073  \0$a9782266219549
=100  \\$a20221004d2011####xy0frey50######ba
=102  \\$aFR
=181  \\$ai#$baxxe##
=182  \\$an
=183  \\$anga$2RDAfrCarrier
=200  1\$aDracula$asuivi de L'invité de Dracula$fBram Stoker$gtraduction de Jacques Finné$gprésentation et commentaires de Claude Aziza
=214  \0$aParis$cPocket
=214  \3$a72-La Flèche$gImprimerie CPI Brodard & Taupin$d2011
=215  \\$a1 volume (575 pages)$ccouverture illustrée$d18 cm
=225  0\$aPocket$x0244-6405$v4669
=320  \\$aBibliographie, pages 567-569$aFilmographie, pages 571-573
=410  \0$0FRBNF34228117$tPresses pocket (Paris)$x0244-6405$v4669
=423  \0$tNSBL’NSEinvité de Dracula
=577  11$3UMLRM0050$7ba0yba0y$8freeng$aStoker, Bram (1847-1912)$tDracula$mFrançais$wFinné$nTexte noté
=577  11$3UMLRM0076$7ba0yba0y$8freeng$aStoker, Bram (1847-1912)$tDracula’s guest$mFrançais$wFinné$nTexte noté
=702  \1$3FRBNF11889738$7ba0yba0y$8frefre$oISNI 0000 0001 1044 3110$aAziza$bClaude$f1937-....$4340
=801  \0$aFR$bFR-751052119$c20221030$gRDA-FR$hFRBNF425150460000007

