=LDR  01003ngm#a2200253#i#450#
=001  UMLRM0080
=071  41$aSRLP 5041-2$cSony pictures entertainment
=073  \0$a4988009704159
=100  \\$a20120710d1993####x##y0frey50######ba
=102  \\$a US
=115  \\$ac###baizxux####bgxxb
=181  \\$601$ab$bxa2ae#
=181  \\$602$ctdi$2rda-frcontent
=182  \\$601$ag
=182  \\$602$cv$2rda-frmedia
=183  \\$602$avcc$2rda-frcarrier
=200  1\$aBram Stoker's Dracula$ea Francis Ford Coppola film$fGary Oldman, Winona Ryder, Anthony Hopkins... [et autres], [acteurs]$g[James V. Hart, scénario]$g[Wojciech Kilar, compositeur]
=214  \0$aTokyo$cSony pictures entertainment$d1993
=214  \4$d1992
=215  \\$a2 LaserDiscs$c 4/3, NTSC 
=304  \\$a Notice rédigée d'après la jaquette
=306  \\$aSiège de Sony pictures entertainment : Culver City en Californie 
=507  \\$3UMLRM0079$aBram Stoker's Dracula$cfilm$mAnglais 
=801  \0$aFR$bFR-141186101$c 20220728$gRDA-FR$hFRBNF427059360000001

