=LDR  00772cam#a2200181#i#450#
=001  UMLRM0083
=005  20220926
=010  \\$a2-7298-2533-9$bBroché$d21,50 EUR 
=100  \\$a20220926d2005####x##y0frey50######ba 
=181  \\$ai3$baxxe## 
=182  \\$an 
=183  \\$anga$2RDAfrCarrier 
=200  1\$a "Dracula"$el'oeuvre de Bram Stoker et le film de Francis F. Coppola$fouvrage dirigé par Gilles Menegaldo et Dominique Sipière 
=214  \0$aParis$cEllipses 
=214  \3$a86-Ligugé$cAubin imprimeur$d2005
=215  \\$a1 volume (379 pages)$ccouverture illustrée$d24 cm 
=507  1\$3UMLRM0082$7ba0yba0y$8frefre$a"Dracula" : l'oeuvre de Bram Stoker et le film de Francis F. Coppola$mFrançais-Anglais$nTexte noté
=801  \0$aFR$bFR-751045101$c20220926$gRDA-FR$hFRBNF400477840000009

