=LDR  00994cam#a2200217#i#450#
=001  UMLRM0086
=005  20220908
=010  \\$a978-2-84734-801-9$bBroché$d11 EUR 
=100  \\$a20220908d2011####x##y0frey50######ba
=181  \\$ai3$baxxe## 
=182  \\$an 
=183  \\$anga$2RDAfrCarrier
=200  1\$aDracula$fMatei Cazacu 
=214  \0$a Paris$cTallandier
=214  \3$a61-Lonrai$cNormandie roto impression$d2011
=215  \\$a1 volume (497 pages)$ccouverture illustrée en couleur$d18 cm 
=225  0\$aTexto$ele goût de l'histoire$x1957-9322
=378  \\$aCette biographie retrace la vie de Dracula, alias Vlad l'Empaleur, prince de Valachie au XVe siècle. Loin du mythe littéraire et cinématographique, il donne une reconstitution historique des faits$bElectre$zfre
=410  \0$341072775$tTexto (Paris. 2007)$x1957-9322$d2011
=577  11$3UMLRM0085$7ba0yba0y$8frefre$aCazacu, Matei (1946-....)$tDracula$mFrançais$nTexte noté
=801  \0$aFR$bFR-751045101$c20220908$gRDA-FR$hFRBNF424394870000004

