=LDR  00911cam#a2200217#i#450#
=001  UMLRM0089
=033  \\$ahttp://catalogue.bnf.fr/ark:/12148/cb400892612$2BnF
=010  \\$bBroché$d24 EUR
=020  \\$aFR$b00601070
=073  \0$a9782844783868
=100  \\$a20051228d2005####x##y0frey50######ba
=102  \\$aFR
=181  \\$ai$baxxe##
=182  \\$an
=183  \\$anga$2RDAfrCarrier
=200  1\$aLe vampire au fil des siècles$eenquête autour d'un mythe$fEstelle Valls de Gomis
=214  \0$aCoudray-Macouard$cCheminements$dDL 2005
=214  \3$a21-Quétigny$cImprimerie Darantière
=215  \\$a1 volume (471 pages-[16] pages de planches.)$ccouverture illustrée en couleur$d24 cm
=577  11$3UMLRM0088$7ba0yba0y$8frefre$aValls de Gomis, Estelle (1973-...)$tLe vampire au fil des siècles : enquête autour d'un mythe$mFrançais$nTexte noté
=801  \0$aFR$bFR-751131015$c20220809$gRDA-FR$hFRBNF400892610000000

