=LDR  01434nlm#a2200313#i#450#
=001  UMLRM0092
=071  61$aNOF854BF-CD$bMindscape
=073  \0$a5390102464769$bemboîtage
=073  \0$a5390102464905$bconteneur
=100  \\$a20220923d2005####x##y0frey50######ba
=102  \\$aFR
=135  \\$agocga---uuuuu
=181  \0$601$af$bxxxae#
=181  \\$602$ccop$2rdaContent
=182  \0$601$ab
=182  \\$602$cc$2rdaMedia
=183  \\$acde$2rdafrCarrier
=200  1\$aNosferatu$ethe wrath of Malachi$fIdol FX AB, Pan vision
=214  \0$a[Clichy]$cEidos$aBoulogne-Billancourt$cMindscape$d[2005]
=214  \4$d2005
=215  \\$a 1 disque optique numérique (CD-ROM)$d12 cm
=225  2\$aHits collection$x1775-4402
=230  \\$aJeu multimédia
=304  \\$aTitre provenant de l'étiquette du support
=306  \\$aDate de sortie : 29 mars 2005 d’après Amazon.fr
=337  \\$aConfiguration requise : PC Pentium III 733 MHz ; 128 Mo de mémoire vive (256 Mo sous Windows XP) ; Windows Millennium, XP ; 350 Mo d'espace disque disponible ; carte graphique 16 Mo 100% compatible Direct3D, affichage 800 x 600 en couleur 16 bits ; carte son 100% compatible DirectX ; lecteur de CD-ROM vitesse x 16 ; DirectX 8.1 (inclus)
=410  \0$0FRBNF40045125$t Hits collection$x1775-4402$d2005
=507  \\$3UMLRM0091$aNosferatu, the wrath of Malachi$cjeu vidéo$wPC$mFrançais
=801  \0$aFR$bFR-751043001$c20220923$gRDA-FR$hFRBNF401412210000007

