=LDR  01399nlm#a2200301#i#450#
=001  UMLRM0095
=073  \0$a5032921017794 
=100  \\$a20221104d2003####x##y0frey50######ba
=102  \\$aFR
=135  \\$agocga---uuuuu
=181  \0$601$af$bxxxae#
=181  \\$602$ccop$2rdaContent
=182  \0$601$ab
=182  \\$602$cc$2rdaMedia
=183  \\$acde$2rdafrCarrier
=200  1\$aNosferatu$ethe wrath of Malachi$fIdol FX AB, Pan vision
=205  \\$aVersion française
=214  \0$aCourbevoie$cNeo publishing$d[2003]
=214  \4$d2003
=215  \\$a1 disque optique numérique (CD-ROM)$d12 cm$e1 manuel d'utilisation (20 pages)$e1feuille de planche
=225  1\$aNeo games$vn° 8
=230  \\$aJeu multimédia
=304  \\$aTitre provenant de l'étiquette du support
=306  \\$aDate d’après la date de mise à disposition en France
=337  \\$aConfiguration requise : PC Pentium III 733 MHz ; 128 Mo de mémoire vive (256 Mo sous Windows XP) ; Windows 98, 2000, XP ; 350 Mo d'espace disque disponible ; carte graphique 16 Mo compatible Direct3D, affichage 800 x 600 en couleur 16 bits ; carte son compatible DirectX ; lecteur de CD-ROM quadruple vitesse; DirectX 8.1 (inclus)
=410  \0$0FRBNF40045125$t Hits collection$x1775-4402$d2005
=507  \\$3UMLRM0091$aNosferatu, the wrath of Malachi$cjeu vidéo$wPC$mFrançais
=801  \0$aFR$bFR-751043001$c20220923$gRDA-FR$hFRBNF412738270000008

