=LDR  00690cam0a#200193###450#
=001  UMLRM0101
=005  20220908######.D
=010  \\$a 2-205-03763-3$bRelié$d61 F
=100  \\$a20220908d1988####x##y0frey50######ba
=102  \\$aFR
=181  \\$ai#$baxxe##$ab#$bxb2e##
=182  \\$an
=183  \\$anga$2RDAfrCarrier
=200  1\$aNosferatu$e1977-1978$f[texte et dessins de] Druillet
=214  \0$aParis$aBruxelles$cDargaud$d1988
=214  \3$aParis$cImprimerie Publiphotoffset
=215  \\$a1 volume (63 pages)$d32 cm
=577  11$3UMLRM100$7ba0yba0y$8frefre$aDruillet, Philippe (1944-….)$tNosferatu$mFrançais$nTexte noté. Image fixe
=801  \0$aFR$bFR-751045101$c20220809$gRDA-FR$hFRBNF350067400000003

