=LDR  00682cam0a#200193###450#
=001  UMLRM0104
=005  20221018######.D
=010  \\$a2-226-12635-X$bRelié$d130 F
=100  \\$a20221018d2001####x##y0frey50######ba
=102  \\$aFR
=181  \\$ai#$baxxe##$ab#$bxb2e##
=182  \\$an
=183  \\$anga$2RDAfrCarrier
=200  1\$aNosferatu$fDruillet
=214  \0$aParis$cAlbin Michel$d2001 
=214  \3$a37-Tours$g Imprimerie Mame
=215  \\$a1 volume (non paginé [55] pages)$ccouverture illustrée$d32 cm
=577  11$3UMLRM100$7ba0yba0y$8frefre$aDruillet, Philippe (1944-….)$tNosferatu$mFrançais$nTexte noté. Image fixe
=801  \0$aFR$bFR-751045101$c20220118$gRDA-FR$hFRBNF376872460000003

