=LDR  01090ngm#a2200241#i#450#
=001  UMLRM0107
=073  \0$a085391106937
=100  \\$a20220830d1995####x##y0frey50######ba
=102  \\$aUS
=115  \\$ac###bahoxux####cbxxb
=181  \\$601$ab$bxa2ae#
=181  \\$602$ctdi$2rda-frcontent
=182  \\$601$ag
=182  \\$602$cv$2rda-frmedia
=183  \\$602$avba$2rda-frcarrier
=200  1\$aDracula has risen from the grave‎$fstarring Christopher Lee, Rupert Davies$gproduced by Aïda Young$gdirected by Freddie Francis$gscreenplay by John Elder based on the character created by Bram Stoker$ga Hammer film production
=214  \0$a[Burbank, Californie, États-Unis]$cWarner home video$d[1995]
=214  \2$aParis$cWarner home video France
=215  \\$a1 cassette vidéo$cVHS, NTSC
=306  \\$aDate de publication indiquée par Amazon : 22 août 1995
=507  1\$3UMLRM0106$aDracula has risen from the grave$cfilm$mAnglais
=512  02$3FRBNF13890456$7ba0yba0y$8freeng$oISNI0000000121626641$aWarner home video France$4310
=801  \0$aFR$bFR-341725402$c20220803$gRDA-FR$hFRBNF457811890000008

