=LDR  01098nam#a2200241#i#450#
=001  UMLRM0110
=033  \\$ahttp://catalogue.bnf.fr/ark:/12148/cb331837399
=035  \\$aFRBNF331837390000007
=100  \\$a20220928d1968####x##y0frey50######ba
=102  \\$aFR
=181  \\$ai#$baxxe##$ab#$bxb2e##
=182  \\$an
=183  \\$anga$2RDAfrCarrier
=200  1\$aDracula$fBram Stoker$gillustrations originales de Philippe Druillet$gIntroduction de Tony Faivre
=214  \0$aParis$cÉditions Opta$d1968
=215  \\$a1 volume (XX-413 pages)$cillustrations en noir et blanc, cartonnage illustré$d20 cm
=225  2\$aAventures fantastiques
=305  \\$aTirage limité à 3700 exemplaires
=410  \0$tAventures fantastiques$x0768-2115
=702  \1$3FRBNF11447253$7$7ba0yba0y$8fre###$aFaivre$bTony$4080
=577  11$3UMLRM0020$7ba0yba0y$8freeng$aStoker, Bram (1847-1912)$tDracula$mFrançais$wMolitor$nTexte noté
=577  11$3UMLRM0151$7$7ba0yba0y$8frefre$aDruillet, Philippe (1944-....)$tIllustrations pour "Dracula" de Bram Stoker$nImage fixe
=801  \0$aFR$bFR-751045101$c20220928$gRDA-FR$hFRBNF331837390000007

