=LDR  00774cam#a2200217#i#450#
=001  UMLRM0113
=005  20220920######.D
=010  \\$a9780826495372$bBroché
=100  \\$a20220920d2009####x##y0frey50######ba
=102  \\$aGB
=181  \\$ai3$baxxe## 
=182  \\$an
=183  \\$anga$2RDAfrCarrier 
=200  1\$a Bram Stoker’s Dracula$ea reader’s guide$fWilliam Hughes
=214  \0$a London$aNew York$cContinuum
=214  \4$dcopyright 2009
=215  \\$a 1 volume (VII-150 pages)$d22 cm 
=225  2\$aContinuum reader’s guide
=410  \0$341139828$tContinuum reader’s guide
=577  11$3UMLRM0112$7ba0yba0y$8freeng$aHughes, William (1964-....)$tBram Stoker’s Dracula : a reader’s guide$mAnglais$nTexte noté
=801  \0$aFR$bFR-751045101$c20220920$hFRBNF423251010000009

