=LDR  00883cam#a2200205#i#450#
=001  UMLRM0116
=005  202210171342SS.D
=010  \\$a 978-2-7499-1109-0$bBroché$d22,95 EUR
=100  \\$a20221017d2009####x##y0frey50######ba
=102  \\$aFR
=181  \\$ai#$baxxe##
=182  \\$an
=183  \\$anga$2RDAfrCarrier
=200  1\$aDracula l'immortel$fDacre Stoker et Ian Holt$gtraduit de l'anglais (États-Unis) par Jean-Noël Chatain
=214  \0$aNeuilly-sur-Seine$cMichel Lafon$dDL 2009
=214  \3$aEspagne
=215  \\$a1 volume (505 pages)$ccouverture illustrée en couleur$d24 cm
=304  \\$aLa couverture porte en plus : "la suite du chef-d'oeuvre de Bram Stoker d'après ses notes originales"
=577  11$3UMLRM0115$7ba0yba0y$8freeng$aStoker, Dacre$aHolt, Ian (1964-….)$tDracula, the un-dead$mFrançais$nTexte noté
=801  \0$aFR$bFR-751131015$c20221017$gRDA-FR$h FRBNF421138410000004

