=LDR  01369cam0a#200229###450#
=001  UMLRM0119
=005  202208301048##.D
=010  \\$a 978-2-203-03785-4$bRelié$d12,95 EUR
=073  \0$a9782203037854
=100  \\$a 20120504d2012####x##y0frey50######ba
=102  \\$a FR 
=181  \\$ai#$baxxe##$ab#$bxb2e##
=182  \\$an 
=183  \\$anga$2RDAfrCarrier
=200  1\$aDracula l'immortel$h2$fscénario, Michel Dufranne$gdessin, Piotr Kowalski$gcouleurs, Svart$gd'après l'ouvrage de Dacre Stoker et Ian Holt...
=214  \0$a[Neuilly-sur-Seine]$cMichel Lafon$a [Paris]$cCasterman 
=214  \3$a85-Luçon$cImprimerie Pollina$d2012 
=215  \\$a 1 volume (48 pages)$ccouverture illustrée en couleur$d32 cm
=330  \\$a 1912, entre Paris et Londres, des éléments troublants viennent faire remonter à la surface une peur qui semblait avoir été oubliée depuis 25 ans, depuis la destruction du vampire.$2Electre
=461  \0$tDracula l'immortel$fscénario, Michel Dufranne$gdessin, Piotr Kowalski$gcouleurs, Svart$gd'après l'ouvrage de Dacre Stoker et Ian Holt$c[Neuilly-sur-Seine]$nMichel Lafon$c[Paris]$nCasterman$dimpr. 2012$p3 volumes
=577  11$3UMLRM0118$7ba0yba0y$8frefre$aDufranne, Michel (1970-....)$aKowalski, Piotr (1973-....)$tDracula l’immortel$h2$mFrançais$nTexte noté. Image fixe
=801  \0$a FR$bFR-751131015$c20120504$gRDA-FR$hFRBNF426598260000003

