=LDR  01864ngm#a2200337#i#450#
=001  UMLRM0122\
=071  41$aFG 315 880$bEDV 1504
=073  \0$a3607483158807
=100  \\$a20221004d2009####x##y0frey50######ba 
=102  \\$aFR 
=115  \\$ac###baizxuxz###bkxxc
=181  \\$601$ab$bxa2ae#
=181  \\$602$ctdi$2rda-frcontent
=182  \\$601$ag
=182  \\$602$cv$2rda-frmedia
=183  \\$602$avcc$2rda-frcarrier
=200  1\$aDracula, mort et heureux de l’être$dDracula dead and loving it$fun film de Mel Brooks$gLeslie Nielsen, Peter MacNicol, Steven Weber... [et autres], [acteurs]$gmusique, Hummie Mann$ghistoire de Rudy De Luca & Steve Haberman$gscénario de Mel Brooks & Rudy De Luca & Steve Haberman$g produit et réalisé par Mel Brooks$zeng
=214  \0$aNeuilly-sur-Seine$cGaumont vidéo$d2009 
=214  \2$aBoulogne-Billancourt$cParamount home entertainment 
=215  \\$a1 DVD vidéo$cmonoface double couche, 16/9 compatible 3/4, PAL, Dolby surround 2.0, zone 2
=304  \\$a Notice rédigée d'après la jaquette
=306  \\$aCopyright : Borgo Pass productions, 1994$aCopyright : Gaumont vidéo, 2009
=327  2\$aCommentaires audio de Mel Brooks et de son équipe, version originale sous-titrée$aBande-annonce 
=371  1\$aInterdit à la location 
=451  \1$0UMLRM0190$tMel Brooks$c[Neuilly-sur-Seine]$nGaumont vidéo$d[2015]$p2 DVD vidéo
=507  0\$3UMLRM0189$7ba0yba0y$8freeng$aDracula, dead and loving it$cfilm$mAnglais ; sous-titrage optionnel en français$o2009
=507  0\$3UMLRM0121$7ba0yba0y$8freeng$aDracula, dead and loving it$cfilm$mFrançais$o2009
=510  1\$aDracula dead and loving it$zeng
=702  \1$3FRBNF138918800$7ba0yba0y$8freeng$oISNI 0000 0001 0920 8877$aBrooks$bMel$f1926-....$4210
=712  02$7ba0yba0y$8frefre$aGaumont vidéo$4650
=801  \0$aFR$bFR-751052119$c20221004$hFRBNF44368309000000X

