=LDR  01156cam#a2200229#i#450#
=001  UMLRM0128
=005  20220921######.D
=010  \\$a978-0-7864-3410-7$Relié
=100  \\$a20220921d2008####x##y0frey50######ba 
=102  \\$aUS 
=181  \\$ai#$baxxe## 
=182  \\$an 
=183  \\$anga$2RDAfrCarrier 
=200  1\$aBram Stoker’s notes for “Dracula “$eafacsimile edition$fBram Stoker$gannotated and transcribed by Robert Eighteen-Bisang and Elizabeth Miller$gforeword by Michael Barsanti 
=214  \0$aJefferson (N.C.)$cMcFarland & Company Inc. Publishers$d2008 
=215  \\$a1 volume (VII-331 pages)$d26 cm 
=320  \\$aBibliographie pages 321-323
=702  \1$3FRBNF16259396$7ba0yba0y$8freeng$oISNI 0000 0001 0976 8225$aEighteen-Bisang$bRobert$4212
=702  \1$3FRBNF12679015$7ba0yba0y$8freeng$oISNI 0000 0000 8170 1706$aMiller$bElizabeth Russel$f1939-....$4212
=702  \1$7ba0yba0y$8freeng$oISNI 0000 0000 5038 6133$aBarsanti$bMichael J.$4080
=577  11$3UMLRM0127$7ba0yba0y$8freeng$aStoker, Bram (1847-1912)$tManuscrits$cChoix$kEighteen-Bisang ; Miller$mAnglais$nTexte noté 
=801  \0$aFR$bFR-751131015$c20220921$gRDA-FR$hFRBNF421342340000009

