=LDR  01131ngm#a2200277#i#450#
=001  UMLRM0131
=071  41$a196 241-3$cBoite$bStudio Canal
=073  \0$a3259119624134
=100  \\$a20011009d2001####x##y0frey50######ba
=102  \\$aFR
=115  \\$ac###cahozuxz###cbxxd
=181  \0$601$ab$bxa2ea#
=181  \\$602$ctdi$2rda-frcontent
=182  \0$601$ag
=182  \\$602$cv$2rda-frmedia
=183  \\$avba$2rda-frcarrier
=200  1\$aL'ombre du vampire$dShadow of the vampire$fE. Elias Merhige, [réalisateur]$gJohn Malkovitch, Willem Dafoe, Cary Elwes... [et autres], [acteurs]$zeng
=214  \0$aParis$cStudio Canal+$d[DL 2001]
=214  \2$aAntony$cUniversal pictures vidéo France SA
=215  \\$a1 cassette vidéo$cVHS, SECAM, surround (Dolby), zone 2
=327  2\$aComprend un making of
=507  1\$3UMLRM0130$7ba0yba0y$8freeng$aShadow of the vampire$cfilm$mFrançais
=510  1\$aShadow of the vampire$zeng
=712  02$3FRBNF13979881$oISNI 0000 0001 2193 9138$aStudio Canal plus$4650
=712  02$3FRBNF14033208$aUniversal pictures vidéo France SA$4310
=801  \0$aFR$bFR-751131015$c20221019$gRDA-FR$hFRBNF38556577000000X

