=LDR  00740nam#a2200217#i#450#
=001  UMLRM0134
=010  \\$a978-3-936298-54-3$bRelié
=100  \\$a20110920d2009####x##y0frey50######ba
=101  0\$ager
=102  \\$aDE
=181  \0$601$ai$bxxxe$ab$bxb2e
=181  \\$602$ctxt$csti$2rdacontent
=182  \0$601$an
=182  \\$602$cn$2rdamedia
=183  \\$anga$2RDAfrCarrier
=200  1\$aMax Schreck$eGespenstertheater$fStefan Eickhoff
=214  \0$aMünchen$cBelleville 
=214  \4$dCopyright 2009
=215  \\$a1 volume. (575 pages)$ccouverture illustrée$d25 cm
=577  11$3ULRM00133$7ba0yba0y$8freger$aEickhoff, Stefan$tMax Schreck : Gespenstertheater$mAllemand$nTexte noté
=801  \0$aFR$bFR-751131015$c20221110$gRDA-FR$hFRBNF424332410000007

