=LDR  01733ngm#a2200337#i#450#
=001  UMLRM0137
=071  41$aED 019D$bED Distribution
=073  \0$a3341348720715 
=100  \\$a20221021d2005####x##y0frey50######ba
=102  \\$aFR
=115  \\$ac###caiz#######bk##c
=181  \\$601$ab$bxa2ae#
=181  \\$602$ctdi$2rda-frcontent
=182  \\$601$ag
=182  \\$602$cv$2rda-frmedia
=183  \\$602$avcc$2rda-frcarrier
=200  1\$aDracula$epages tirées du journal d'une vierge$dDracula$epages from a virgin's diary$fun film de Guy Maddin, [réalisateur]$gmusique de Gustav Mahler$zeng
=214  \0$a[Paris]$cED distribution$d[DL 2005]
=214  \2$a[Paris]$cED distribution
=215  \\$a1 DVD vidéo$cmonoface simple couche, PAL, surround (Dolby), toutes zones
=304  \\$aNotice rédigée d'après la jaquette
=327  2\$aAudio-commentaire du film/ par Guy Maddin$aInterviews de Guy Maddin / par Lorenzo Recio et par Yves Montmayeur$aBiographie et filmographie de Guy Maddin
=371  1\$aInterdit à la location
=451  \1$0UMLRM0168$tGuy Maddin$c[Paris]$nED distribution$d[DL 2012]$p4 DVD vidéo
=507  1\$3UMLRM0136$7ba0yba0y$8freeng$aDracula : pages from a virgin's diary$cfilm$mAnglais ; sous-titrage en français
=510  1\$aDracula$epages from a virgin's diary$zeng
=702  \1$3FRBNF14117683$7ba0yba0y$8fre###$oISNI 0000 0001 1664 8619$aMaddin$bGuy$f1956-....$4210$4460
=702  \1$3FRBNF14627980$7ba0yba0y$8fre###$o0000 0000 0305 4515$aRecio$bLorenzo$f1964-....$4470
=702  \1$3FRBNF17068333$7ba0yba0y$8frefre$o0000 0004 5970 4205$aMontmayeur$bYves$4470
=712  20$3FRBNF14010888$7ba0yba0y$8frefre$aED Distribution$4650$4310
=801  \0$aFR$bFR-751131015$c20221021$gRDA-FR$hFRBNF399530650000000

