=LDR  00600nkm#a2200157#i#450#
=001  UMLRM0140
=100  \\$a20221025d2001####x##y0frey50######ba
=102  \\$aFR
=181  \\$ab#$bxb2e##
=182  \\$an
=183  \\$aned$2RDAfrCarrier
=200  1\$a[Maquette de décor en volume pour "Nosferatu"]$f[Daniel Jeanneteau et Laure Deratte]
=214  \1$d[2001]
=215  \\$a1 maquette en volume 
=577  11$3UMLRM0139$7ba0yba0y$8frefre$aJeanneteau, Daniel (1963-....)$aDeratte, Laure (19..-....)$t[Maquette de décor en volume pour "Nosferatu"]$nImage fixe
=801  \0$aFR$bFR-751045101$c20220928$gRDA-FR$hFRBNF442290500000007

