=LDR  00986nim#a2200253#i#450#
=001  UMLRM0158
=071  01$bNonesuch$a7559795842$ccoffret
=073  \0$a0075597958423
=100  \\$a20000203d1999####x##y0frey50######ba
=102  \\$aEU
=126  \\$aagbxhxxd#####cd$bbex
=181  \\$ad#$bbxxa##
=182  \\$aa
=183  \\$asec$2RDAfrCarrier
=200  1\$aDracula$fmusic by Philip Glass$gperformed by Kronos quartet
=214  \0$a[London]$c[WEA Europe]
=214  \2$a[Le Blanc-Mesnil]$c[distrib. Warner music France]
=214  \4$d[P 1999]
=215  \\$a1 disque compact$e1 dépliant (8 pages)
=712  02$3FRBNF13890463$7ba0yba0y$8fre###$oISNI 0000 0001 2364 8983$aWEA Europe$4650
=712  02$3FRBNF13890460$7ba0yba0y$8fre###$aWarner music France$4310
=716  \\$3FRBNF13876673$7ba0yba0y$8fre###$aNonesuch
=577  11$3UMLRM0157$7ba0yba0y$8fre###$aGlass, Philip (1937-....)$tDracula$nMusique exécutée$wKronos quartet
=801  \0$aFR$bFR-751131015$c20000203$gRDA-FR$hFRBNF384673640000006

