=LDR  01657ngm#a2200277#i#450#
=001  UMLRM0160
=071  41$a830 098-5$bEDV 764
=073  \0$a5053083009854
=100  \\$a20140919d2014####x##y0frey50######ba
=102  \\$a FR
=115  \\$ac###aaizzuuz###bk##c
=181  \\$601$ab$bxa2ae#
=181  \\$602$ctdi$2rda-frcontent
=182  \\$601$ag
=182  \\$602$cv$2rda-frmedia
=183  \\$602$avcc$2rda-frcarrier
=200  1\$aDracula$fTod Browning, [réalisateur]$gscénario de Garrett Fort$gd’après le roman de Bram Stoker et la pièce de Hamilton Deane et John L. Balderston$gBela Lugosi, David Manners, Helen Chandler... [et autres], [acteurs]
=214  \0$a[Paris]$cUniversal StudioCanal vidéo$d2014
=214  \2$a[Paris]$cUniversal StudioCanal vidéo$d2014
=215  \\$a1 BD vidéo
=304  \\$a Notice rédigée d'après la jaquette
=327  2\$aContient aussi : "Dracula" : version espagnole. Introduction à la version espagnole / par Lupita Tovar Kohner. "Dracula : la genèse". "Lugosi : le prince des ténèbres". "Dracula" : nouvelle bande sonore écrite par Philip Glass et interprétée par le Kronos quartet. "Sur les traces des monstres" : anecdotes interactives. , "Archives Dracula"."Dracula : la restauration" 
=507  1\$3UMLRM0159$7ba0yba0y$8fre###$aDracula$cfilm$d1931$lVersion restaurée$mVersions multiples (5 langues ; sous-titrage en 5 langues)
=507  0\$3UMLRM0162$7ba0yba0y$8frespa$aDrácula$cfilm$d1931$fespagnol$lVersion restaurée
=577  01$3UMLRM0157$7ba0yba0y$8fre###$a$aGlass, Philip (1937-....)$tDracula$nMusique exécutée$wKronos quartet
=801  \0$aFR$bFR-751131015$c20140919$gRDA-FR$hFRBNF438976740000002

