=LDR  01647ngm#a2200301#i#450#
=001  UMLRM0168
=071  41$aED 020D$bED Distribution$cen coffret
=073  \0$a3341348720739
=100  \\$a20221021d2005####x##y0frey50######ba
=102  \\$aFR
=115  \\$ac###caiz#######bk##c
=181  \\$601$ab$bxa2ae#
=181  \\$602$ctdi$2rda-frcontent
=182  \\$601$ag
=182  \\$602$cv$2rda-frmedia
=183  \\$602$avcc$2rda-frcarrier
=200  1\$aGuy Maddin
=214  \0$a[Paris]$cED distribution$d[DL 2012]
=214  \2$a[Paris]$cED distribution
=215  \\$a4 DVD vidéo$cmonoface simple couche, PAL, toutes zones
=305  \\$aNouvelle édition sous coffret
=371  1\$aInterdit à la location
=451  \1$tTales from the Gimli hospital$fun film de Guy Maddin,[réalisateur, scénario, mise en scène]$gKyle McCulloch, Michael Gottli, Angela Heck... [et autres], [acteurs]$c[Paris]$nED distribution$d[DL 2005]$p1 DVD vidéo
=451  \1$tArchangel$fun film de Guy Maddin, [réalisateur]$gscénario Guy Maddin et George Toles$gKyle McCulloch, Kathy MaryKuca, Sarah Neville... [et autres], [acteurs] ]$c[Paris]$nED distribution$d[DL 2005]$p1 DVD vidéo
=451  \1$0UMLRM0137$tDracula$opages tirées du journal d'une vierge$lDracula$opages from a virgin's diary$fun film de Guy Maddin, [réalisateur]$gmusique de Gustav Mahler$c[Paris]$nED distribution$d[DL 2005]$p1 DVD vidéo
=507  1\$3UMLRM0167$7ba0yba0y$8fre###$aGuy Maddin$kED Distribution$mAnglais ; sous-titrage en français$nImage animée
=712  20$3FRBNF14010888$7ba0yba0y$8frefre$aED Distribution$4650$4310
=801  \0$aFR$bFR-751131015$c20221021$gRDA-FR$hFRBNF427494470000000

