=LDR  00777nkm#a2200181#i#450#
=001  UMLRM0171
=100  \\$a20221024d2003####x##y0frey50######ba
=102  \\$aFR
=181  \\$ab#$bxb2e##
=182  \\$an
=183  \\$anda$2RDAfrCarrier
=200  1\$aDracula, pages tirées du journal d’une vierge, un film de Guy Maddin$e[affiche]$f[V. Gauriat]
=214  \0$a[Paris]$cED distribution$d[2003]
=214  \3$aAubervilliers$cImprimerie Karcher
=215  \\$a1 feuille$d160 x 120 cm
=577  11$3UMLRM0170$7$7ba0yba0y$8frefre$aGauriat, Vincent$tDracula, pages tirées du journal d’une vierge, un film de Guy Maddin$nImage fixe
=712  02$3FRBNF13558618$7$7ba0yba0y$8frefre$oISNI 0000 0001 1941 2476$aImprimerie A. Karcher$4610
=801  \0$aFR$bFR-751045101$c20220928$gRDA-FR$hFRBNF405661520000009

