=LDR  02387ngm#a2200325#i#450#
=001  UMLRM0176
=071  41$aDVD 167$bRDM vidéo$cen coffret
=073  \0$a3125127221675
=100  \\$a20221029d2013####x##y0frey50######ba
=102  \\$aFR
=115  \\$ac###caiz#######bk##c
=181  \\$601$ab$bxa2ae#
=181  \\$602$ctdi$2rda-frcontent
=182  \\$601$ag
=182  \\$602$cv$2rda-frmedia
=183  \\$602$avcc$2rda-frcarrier
=200  1\$aLes grands classiques du cinéma allemand
=214  \0$a[Sannois]$cRDM vidéo$d[DL 2013]
=214  \2$a[Sannois]$cRDM vidéo
=215  \\$a7 DVD vidéo$cmonoface double couche, 4/3, PAL, toutes zones
=304  \\$aNotice rédigée d'après la jaquette
=305  \\$aNouvelle édition sous coffret
=451  \1$0UMLRM0003$tNosferatu$fréalisation Friedrich W. Murnau$gd’après le roman "Dracula" de Bram Stoker$gscénario et adaptation Henrik Galeen$gavec Max Schreck, Greta Schroeder, Gustav von Wangenheim... [et autres]$c[Sannois]$nRDM vidéo [éditeur, distributeur]$d[DL 2012]$p1 DVD vidéo
=451  \1$tLe Golem$lDer Golem, wie er in die Welt kam$fun film de Paul Wegener$gscénario de Henrik Galeen, Paul Wegener$gavec Paul Wegener, Albert Steinrück, Lyda Salmonova... [et autres] ]$c[Sannois]$nRDM vidéo [éditeur, distributeur]$d[DL 2013]$p1 DVD vidéo
=451  \1$tM le maudit$fun film de Fritz Lang$gscénario de Thea von Harbou, Fritz Lang$g avec Peter Lorre, Otto Wernicke, Gustaf Gründgens... [et autres]$c[Sannois]$nRDM vidéo [éditeur, distributeur]$d[DL 2012]$p1 DVD vidéo
=451  \1$tLe cabinet du docteur Caligari$lDas Cabinet des Doktor Caligari$fun film de Robert Wiene$gscénario de Carl Mayer et Hans Janowitz$gavec Werner Krauss, Conrad Veidt, Lil Dagover... [et autres]$c[Sannois]$nRDM vidéo [éditeur, distributeur]$d[DL 2012]$p1 DVD vidéo
=451  \1$tDr. Mabuse, le joueur$lDr. Mabuse, der Spieler$f un film de Fritz Lang$gscénario de Fritz Lang et Thea von Harbou$gavec Rudolf Klein-Rogge, Bernhard Goetzke, Alfred Abel... [et autres]$c[Sannois]$nRDM vidéo [éditeur, distributeur]$d[DL 2013]$p2 DVD vidéo
=507  1\$3UMLRM0175$7ba0yba0y$8frefre$aLes grands classiques du cinéma allemand$kRDM vidéo$mAnglais, allemand, français ; sous-titrage en français$nImage animée
=712  20$7ba0yba0y$8frefre$aRDM vidéo$4650$4310
=801  \0$aFR$bFR-751131015$c20221029$gRDA-FR$hFRBNF436064770000000

