=LDR  00706nam#a2200193#i#450#
=001  UMLRM0177
=010  \\$a0751370703$bRelié$d9.99 £
=100  \\$a20221031d1997####x##y0frey50######ba
=102  \\$aGB
=181  \\$ai#$baxxe##$ab#$bxb2e##
=182  \\$an
=183  \\$anga$2RDAfrCarrier
=200  1\$aDracula$fBram Stoker$gillustrated by Tudor Humphries 
=205  \\$aAbridged edition for young readers
=214  \0$aLondon$cDorling Kindersley$d1997
=215  \\$a1 volume (64 pages)$ccouverture illustrée en couleur$d26 cm
=225  1\$aEyewitness classics
=577  11$3UMLRM0161$7ba0yba0y$8freeng$aHumphries, Tudor (1953-….)$tDracula$mAnglais$nTexte noté. Image fixe
=801  \0$aFR$bFR-751052119$c20221031$gRDA-FR

