=LDR  01432nam#a2200253#i#450#
=001  UMLRM0178
=010  \\$a978-2-01-202687-2$bBroché$d12 EUR
=073  \0$a9782012026872
=100  \\$a20221011d2011####x##y0frey50######ba
=102  \\$aFR
=181  \\$ai#$baxxe##
=182  \\$an
=183  \\$anga$2RDAfrCarrier
=200  1\$aDracula$fBram Stoker$gtraduit de l'anglais par Josette Chicheportiche
=205  \\$aTexte abrégé
=214  \0$a[Paris]$cHachette
=214  \3$a18-Saint-Amand-Montrond$c Imprimerie CPI Bussière$d2011
=215  \\$a1 volume (321 pages)$ccouverture illustrée en couleur$d22 cm
=225  0\$aBlack moon
=300  \\$aLa couverture porte en plus : "le roman mythique qui a inspiré le spectacle de Kamel Ouali"
=330  \\$aJonathan Harker, jeune clerc de notaire britannique, est envoyé par son étude dans un sinistre château de Transylvanie afin d'y négocier, avec un certain comte Dracula, l'achat d'une propriété en Angleterre. Il ne tarde pas à découvrir l'effroyable secret de son hôte : cette créature est un mort-vivant, un vampire qui repose dans un cercueil et qui en sort la nuit pour étancher sa soif de sang.$2Electre
=410  \0$0FRBNF41083594$tBlack moon (Hachette)$x1957-9489$d2011
=577  11$3UMLRM0053$7ba0yba0y$8freeng$aStoker, Bram (1847-1912)$tDracula$lVersion abrégée$wChichportiche$mFrançais$nTexte noté
=801  \0$aFR$bFR-751131015$c20221011$gRDA-FR$hFRBNF425259810000009

