=LDR  01172nam#a2200265#i#450#
=001  UMLRM0179
=010  \\$978-2-218-96671-2$bBroché$d4,95 EUR
=073  \0$a9782218966712
=100  \\$a20221018d2013####x##y0frey50######ba
=102  \\$aFR
=181  \\$ai#$baxxe##
=182  \\$an
=183  \\$anga$2RDAfrCarrier
=200  1\$aDracula$evers 1897$fBram Stoker$gtraduit de l'anglais par Josette Chicheportiche$gnotes et dossier, Fanny Deschamps[...]
=205  \\$aTexte abrégé
=214  \0$aParis$cHatier$dDL 2013
=214  \3$aItalie
=215  \\$a1 volume (317 pages)$cillustrations, couverture illustrée en couleur$d18 cm
=225  2\$aClassiques & Cie$iCollège$v68
=320  \\$aBibliographie, filmographie pages 313-315. Lexique
=410  \0$0FRBNF41499015$tClassiques & Cie. Collège$x2102-2496$v68
=410  \0$0FRBNF38888479$tClassiques & Cie$x1636-7391$d2013
=577  11$3UMLRM0053$7ba0yba0y$8 freeng$aStoker, Bram (1847-1912)$tDracula$lVersion abrégée$wChichportiche$mFrançais$nTexte noté
=702  \1$3FRBNF14623074$7ba0yba0y$8fre###$oISNI000000000323564X$aDeschamps$bFanny$f1977-....$4340
=801  \0$aFR$bFR-751131015$c20221018$gRDA-FR$h FRBNF437120060000005

