=LDR  01109ngm#a2200241#i#450#
=001  UMLRM0182
=071  41$aZFP61069$bWarner home video$cBoîte
=100  \\$a20221104d1985####x##y0frey50######ba
=102  \\$aFR
=115  \\$ac###bahoxux####cbxxd
=181  \\$601$ab$bxa2ae#
=181  \\$602$ctdi$2rda-frcontent
=182  \\$601$ag
=182  \\$602$cv$2rda-frmedia
=183  \\$602$avba$2rda-frcarrier
=200  1\$a Dracula et les femmes$dDracula has risen from the grave‎$favec Christopher Lee, Rupert Davies$g[réalisation Freddie Francis]$g[scénario de John Elder d’après l’oeuvre de Bram Stoker]$g[musique de James Bernard]$gune production Hammer film$zeng 
=214  \0$a[Paris]$cWarner home video France$dDL 1985
=214  \2$aParis$cWarner home video France
=215  \\$a1 cassette vidéo$cVHS, SECAM
=507  1\$3UMLRM0181$aDracula has risen from the grave$cfilm$mFrançais
=510  1\$aDracula has risen from the grave$zeng
=712  02$3FRBNF13890456$7ba0yba0y$8freeng$oISNI0000000121626641$aWarner home video France$4310$4650
=801  \0$aFR$bFR-751131015$c20220803$gRDA-FR$hFRBNF381583240000003

