=LDR  01544ngm#a2200325#i#450#
=001  UMLRM0185
=071  41$a1962412$bStudio Canal$cBoite
=073  \0$a3259119624127
=100  \\$a20020212d2001####x##y0frey50######ba
=102  \\$aFR
=115  \\$ac###caizxuxz###bkxxc
=181  \0$601$ab$bxa2ae#
=181  \\$602$ctdi$2rda-frcontent
=182  \0$601$ag
=182  \\$602$cv$2rda-frmedia
=183  \\$avcc$2rda-frcarrier
=200  1\$aL'ombre du vampire$dShadow of the vampire$fE. Elias Merhige, [réalisateur]$gSteven Katz, scénario$gDan Jones, [compositeur]$gJohn Malkovitch, Willem Dafoe, Cary Elwes... [et autres], [acteurs]$zeng
=214  \0$aParis$cStudio Canal+$d[DL 2001]
=214  \2$aAntony$cUniversal pictures vidéo France SA
=215  \\$a1 DVD vidéo$cmonoface, 16/9 compatible 4/3, PAL, Dolby digital 5.1, zone 2
=306  \\$aCopyright : Lions gate productions, cop. 2000
=327  2\$aContient aussi : les bandes annonces, 3 filmographies, "En coulisse", 1 bonus caché
=371  1\$aExemplaire interdit à la location
=507  0\$3UMLRM0130$7ba0yba0y$8freeng$aShadow of the vampire$cfilm$mFrançais
=507  0\$3UMLRM0184$7ba0yba0y$8freeng$aShadow of the vampire$cfilm$mAnglais ; sous titrage en français
=510  1\$aShadow of the vampire$zeng
=712  02$3FRBNF13979881$oISNI 0000 0001 2193 9138$aStudio Canal plus$4650
=712  02$3FRBNF14033208$aUniversal pictures vidéo France SA$4310
=712  02$3FRBNF13881836$aLions gate productions$4310
=801  \0$aFR$bFR-751131015$c20221108$gRDA-FR$hFRBNF385708020000005

