=LDR  01023ngm#a2200241#i#450#
=001  UMLRM0188
=071  01$aLIV 207M$bLivraphone$cAlbum
=073  \0$a3358950010004 
=100  \\$a20221110d2009####x##y0frey50######ba
=102  \\$aFR 
=181  \0$601$ah$bxxxa##
=181  \\$602$cspw$2rda-frcontent 
=182  \0$601$aa 
=182  \\$602$cs$2rda-frmedia 
=183  \\$602$asea$2rda-frcarrier
=200  1\$aDracula$etexte intégral$fBram Stoker$ginterprété par Philippe Hérisson, Pierre Val, Jean-Claude Rey... [et autres] 
=214  \0$aParis$cLivraphone$d[DL 2009] 
=215  \\$a2 CD MP3
=323  \\$aInterprété aussi par : Floriane Gaber, Marianne Pitaressi, Marie-Laetitia Duchiron, Thierry Leclerc, Alexis Dessaux, Arnaud Saint-Père, Arnaud Didier Fuchs, voix
=507  1\$3UMLRM0187$7ba0yba0y$8freeng$aStoker, Bram (1847-1912)$tDracula$mFrançais$nParole énoncée
=712  02$3FRBNF13889050$aLivraphone$4650 
=716  \\$3FRBNF13876179$aLivraphone
=801  \0$aFR$bFR-751131015$c20221110$gRDA-FR$hFRBNF414399590000005

