=LDR  02143ngm#a2200337#i#450#
=001  UMLRM0190
=071  41$aFG 315 648$bEDV 1504$cEn coffret
=073  \0$a3607483156483
=100  \\$a20221110d2015####x##y0frey50######ba
=102  \\$aFR
=115  \\$ac###baizxuxz###bkxxc
=181  \\$601$ab$bxa2ae#
=181  \\$602$ctdi$2rda-frcontent
=182  \\$601$ag
=182  \\$602$cv$2rda-frmedia
=183  \\$602$avcc$2rda-frcarrier
=200  1\$aMel Brooks
=214  \0$a[Neuilly-sur-Seine]$cGaumont vidéo$d[2015] 
=214  \2$aBoulogne-Billancourt$cParamount home entertainment 
=215  \\$a2 DVD vidéo$cmonoface double couche, 16/9 compatible 3/4, PAL, Dolby surround 2.0, toutes zones
=304  \\$a Notice rédigée d'après la jaquette
=305  \\$aNouvelle édition sous coffret
=371  1\$aInterdit à la location
=451  \1$tSacré Robin des bois$lRobin Hood, men in tights$fun film de Mel Brooks$gCary Elwes, Richard Lewis, Roger Rees... [et autres], [acteurs]$gmusique, Hummie Mann$gsujet, J. David Shapiro et Evan Chandler$gscénario de Mel Brooks et Evan Chandler et J. David Shapiro$gproduit et réalisé par Mel Brooks$cNeuilly-sur-Seine$nGaumont vidéo$d2015$p1 DVD vidéo
=451  \1$0UMLRM0122$tDracula, mort et heureux de l’être$lDracula dead and loving it$fun film de Mel Brooks$gLeslie Nielsen, Peter MacNicol, Steven Weber... [et autres], [acteurs]$gmusique, Hummie Mann$ghistoire de Rudy De Luca & Steve Haberman$gscénario de Mel Brooks & Rudy De Luca & Steve Haberman=$gproduit et réalisé par Mel Brooks$cNeuilly-sur-Seine$nGaumont vidéo$d2009$p1 DVD vidéo
=507  0\$7ba0yba0y$8freeng$aRobin Hood, men in tights$cfilm$mAnglais ; sous-titrage optionnel en français$o2015
=507  0\$7ba0yba0y$8freeng$aRobin Hood, men in tights$cfilm$mFrançais$o2015
=507  0\$3UMLRM0189$7ba0yba0y$8freeng$aDracula, dead and loving it$cfilm$mAnglais ; sous-titrage optionnel en français$o2009
=507  0\$3UMLRM0121$7ba0yba0y$8freeng$aDracula, dead and loving it$cfilm$mFrançais$o2009
=712  02$7ba0yba0y$8frefre$aGaumont vidéo$4650
=801  \0$aFR$bFR-751131015$c20221110$gRDA-FR$hFRBNF443681220000000

