=LDR  01103nim#a2200241#i#450#
=001  UMLRM0193
=071  41$a7031$bRadio Spirits$cCoffret
=073  \0$a9781570194283
=100  \\$a20221114d2001####x##y0frey50######ba
=102  \\$aUS
=126  \\$aaguxhxx######cd 
=181  \\$601$ah$bxxxa##$ad$bbxxa##
=181  \\$602$cspw$cprm$2rda-frcontent
=182  \\$601$aa
=182  \\$602$cs$2rda-frmedia
=183  \\$602$asea$2rda-frcarrier
=200  1\$aDracula$eoriginal radio adaptation as heard on the Mercury theatre on the air$fstarring Orson Welles$gbased on the novel by Bram Stoker$gadapted for radio by Orson Welles and John Houseman$gperformed by Orson Welles, Martin Gabel, George Coulouris... [et autres]
=214  \0$aSchiller park (Illinois)$cRadio spirits
=214  \4$dP 2001
=215  \\$a1 CD audio
=306  \\$aProducteur phonographique : Radio spirits, P 2001
=507  0\$3UMLRM0192$7ba0yba0y$8freeng$aDracula$cémission radiophonique$d1938$mAnglais$nParole énoncée. Musique exécutée=712 02$aRadio spirits$cFirme$4650$4665
=801  \0$aFR$bFR-751131015$c20221114$gRDA-FR$hFRBNF412752010000008

