=LDR  00695nam#a2200205#i#450#
=001  UMLRM0197
=010  \\$bBroché
=100  \\$a20221116d1986####x##y0frey50######ba
=102  \\$aCH
=181  \\$ai#$baxxe##
=182  \\$an
=183  \\$anga$2RDAfrCarrier
=200  1\$aBibliographie de Dracula$fJacques Finné
=214  \0$aLausanne$cL’âge d'homme
=214  \4$dCopyright 1996
=215  \\$a1 volume(215 pages)$d21 cm
=225  0\$aContemporains
=410  \0$0FRBNF34236570$tContemporains (Lausanne)$x1662-033X$d1986
=577  11$3UMLRM0196$7ba0yba0y$8frefre$aFinné, Jacques (1944-….)$tBibliographie de Dracula$mFrançais$nTexte noté
=801  \0$aFR$bFR-751131015$c2022116$gRDA-FR$hFRBNF399923520000009

