=LDR  00887nam#a2200205#i#450#
=001  UMLRM0199
=010  \\$a978-2-84362-674-6$bBroché
=100  \\$a20221116d2020####x##y0frey50######ba
=102  \\$aFR
=181  \\$ai#$baxxe##
=182  \\$an
=183  \\$anga$2RDAfrCarrier
=200  1\$aDictionnaire des littératures vampiriques$fJacques Finné, Jean Marigny$gpréface d'Alain Pozzuoli
=214  \0$aDinan$cTerre de brume$d2020
=215  \\$a1 volume(332 pages)$d24 cm
=225  2\$aTerres fantastiques 
=410  \0$0FRBNF36131552$tTerres fantastiques$x1286-7861$d2020
=577  11$3UMLRM0198$7ba0yba0y$8frefre$aFinné, Jacques (1944-….)$aMarigny, Jean (1939-....)$tDictionnaire des littératures vampiriques$mFrançais$nTexte noté
=702  \1$3FRBNF12169702$7ba0yba0y$8frefre$oISNI 0000 0001 2125 2440$aPozzuoli$bAlain$4080
=801  \0$aFR$bFR-751131015$c20220808$gRDA-FR$hFRBNF46675771000000X

